<record xmlns="http://www.loc.gov/MARC21/slim" xmlns:xsi="http://www.w3.org/2001/XMLSchema-instance" xsi:schemaLocation="http://www.loc.gov/MARC21/slim http://www.loc.gov/standards/marcxml/schema/MARC21slim.xsd"><leader>01245nam a2200289   4500</leader><controlfield tag="001">001680638</controlfield><controlfield tag="003">NNU</controlfield><controlfield tag="006">m        d        </controlfield><controlfield tag="007">cr cn |||m|||a</controlfield><controlfield tag="008">140707s1942    ua      o     000 1 arard</controlfield><datafield ind1=" " ind2=" " tag="040"><subfield code="a">NNU</subfield><subfield code="b">eng</subfield><subfield code="c">NNU</subfield></datafield><datafield ind1=" " ind2="4" tag="050"><subfield code="a">PJ7824</subfield><subfield code="b">.F235 S8</subfield></datafield><datafield ind1="1" ind2=" " tag="100"><subfield code="a">Fa&#772;ris, Bishr.</subfield></datafield><datafield ind1="1" ind2="0" tag="245"><subfield code="a">Su&#772;&#700; tafa&#772;hum</subfield><subfield code="h">[electronic resource] /</subfield><subfield code="c">Bishr Fa&#772;ris.</subfield></datafield><datafield ind1="3" ind2=" " tag="246"><subfield code="a">Malentendus : contes</subfield></datafield><datafield ind1=" " ind2=" " tag="260"><subfield code="a">Mis&#803;r :</subfield><subfield code="b">Mat&#803;ba&#699;at al-Ma&#699;a&#772;rif wa-Maktabatuha&#772;,</subfield><subfield code="c">1942.</subfield></datafield><datafield ind1=" " ind2=" " tag="300"><subfield code="a">online resource (124 p.)</subfield></datafield><datafield ind1=" " ind2=" " tag="500"><subfield code="a">Short stories.</subfield></datafield><datafield ind1=" " ind2=" " tag="500"><subfield code="a">Title on added t.p.: Malentendus : contes.</subfield></datafield><datafield ind1=" " ind2=" " tag="500"><subfield code="a">Part of the Arabic Collections Online (ACO) project, contributed by New York Univeristy Libraries.</subfield></datafield><datafield ind1=" " ind2=" " tag="533"><subfield code="a">Electronic reproduction.</subfield><subfield code="b">New York, N.Y. :</subfield><subfield code="c">New York University,</subfield><subfield code="d">2014.</subfield><subfield code="5">NNU</subfield></datafield><datafield ind1="2" ind2=" " tag="710"><subfield code="a">New York University.</subfield><subfield code="b">Libraries.</subfield></datafield><datafield ind1="0" ind2=" " tag="730"><subfield code="a">Arabic Collections Online.</subfield></datafield><datafield ind1="0" ind2="8" tag="776"><subfield code="i">Online version:</subfield><subfield code="a">Fa&#772;ris, Bishr.</subfield><subfield code="t">Su&#772;&#700; tafa&#772;hum.</subfield><subfield code="d">Mis&#803;r : Mat&#803;ba&#699;at al-Ma&#699;a&#772;rif wa-Maktabatuha&#772;, 1942</subfield><subfield code="w">(OCoLC)581459341</subfield></datafield><datafield ind1="0" ind2="8" tag="776"><subfield code="i">Print version:</subfield><subfield code="a">Fa&#772;ris, Bishr.</subfield><subfield code="t">Su&#772;&#700; tafa&#772;hum</subfield><subfield code="w">(NNU)001680638</subfield><subfield code="w">(OCoLC)23498269</subfield></datafield><datafield ind1="4" ind2="0" tag="856"><subfield code="u">http://hdl.handle.net/2333.1/ncjsxnnd</subfield></datafield><datafield ind1=" " ind2=" " tag="959"><subfield code="a">NNU</subfield><subfield code="b">WEB</subfield><subfield code="c">GENI</subfield><subfield code="t">0</subfield><subfield code="m">Electronic access</subfield><subfield code="s">01</subfield></datafield></record>